@unpublished{LLPS19,
  title={Scaling limit of soliton lengths in a multicolor box-ball system},
  author={Lewis, Joel and Lyu, Hanbaek and Pylyavskyy, Pavlo and Sen, Arnab},
  note={Preprint \arxiv{1911.04458}},
  year={2019}
}